@book{ schneier,
 author = {Schneier, Bruce},
 title = {Applied Cryptography (2nd Ed.): Protocols, Algorithms, and Source Code in C},
 edition = {2nd},
 year = {1995},
 isbn = {0-471-11709-9},
 publisher = {John Wiley \& Sons, Inc.},
 address = {New York, NY, USA},
}

@book{ singh,
 author = {Singh, Simon},
 title = {The Code Book: The Science of Secrecy from Ancient Egypt to Quantum Cryptography},
 year = {1999},
 isbn = {0385495325},
 edition = {1st},
 publisher = {Anchor Books},
 address = {New York, NY, USA},
}

@book{ mathematical,
 author = {Hoffstein, Jeffrey and Pipher, Jill and Silverman, J.H.},
 title = {An Introduction to Mathematical Cryptography},
 year = {2008},
 isbn = {0387779930, 9780387779935},
 edition = {1st},
 publisher = {Springer Publishing Company, Incorporated},
}

@book{ security,
 author = {Bruce Schneier},
 title = {Schneier on Security},
 year = {2008},
 isbn = {0470395354, 9780470395356},
 edition = {1st},
 publisher = {Wiley}
}

@article{ gentry,
 title={Computing arbitrary functions of encrypted data},
 author={Gentry, Craig},
 journal={Communications of the ACM},
 volume={53},
 number={3},
 pages={97--105},
 year={2010},
 publisher={ACM}
}

@article{ hayes,
 title={Alice and {B}ob in Cipherspace},
 author={Hayes, Brian},
 journal={American Scientist},
 volume={100},
 pages={362--367},
 year={2012}
}

@book{ katz,
 author = {Jonathan Katz and Yehuda Lindell},
 title = {Introduction to Modern Cryptography},
 year = {2008},
 isbn = {1584885513, 9781584885511},
 edition = {1st},
 publisher = {Chapman \& Hall/CRC}
}